
@article{raket_progression_2022,
	title = {Progression models for repeated measures: {Estimating} novel treatment effects in progressive diseases},
	volume = {41},
	issn = {0277-6715, 1097-0258},
	shorttitle = {Progression models for repeated measures},
	url = {https://onlinelibrary.wiley.com/doi/10.1002/sim.9581},
	doi = {10.1002/sim.9581},
	language = {en},
	number = {28},
	urldate = {2022-11-26},
	journal = {Statistics in Medicine},
	author = {Raket, Lars Lau},
	month = dec,
	year = {2022},
	pages = {5537--5557},
	file = {sim9581-sup-0001-supinfo.docx:C\:\\Users\\u0157247\\Zotero\\storage\\5888R6PH\\sim9581-sup-0001-supinfo.docx:application/vnd.openxmlformats-officedocument.wordprocessingml.document;Statistics in Medicine - 2022 - Raket - Progression models for repeated measures  Estimating novel treatment effects in.pdf:C\:\\Users\\u0157247\\OneDrive - KU Leuven\\Literature\\Pentara\\Statistics in Medicine - 2022 - Raket - Progression models for repeated measures  Estimating novel treatment effects in.pdf:application/pdf;Submitted Version:C\:\\Users\\u0157247\\Zotero\\storage\\WLM3XKB2\\Raket - 2022 - Progression models for repeated measures Estimati.pdf:application/pdf},
}

@article{veitch2019understanding,
  title={Understanding disease progression and improving Alzheimer's disease clinical trials: Recent highlights from the Alzheimer's Disease Neuroimaging Initiative},
  author={Veitch, Dallas P and Weiner, Michael W and Aisen, Paul S and Beckett, Laurel A and Cairns, Nigel J and Green, Robert C and Harvey, Danielle and Jack Jr, Clifford R and Jagust, William and Morris, John C and others},
  journal={Alzheimer's \& Dementia},
  volume={15},
  number={1},
  pages={106--152},
  year={2019},
  publisher={Elsevier}
}

@article{rosen1984new,
  title={A new rating scale for Alzheimer's disease.},
  author={Rosen, Wilma G and Mohs, Richard C and Davis, Kenneth L},
  journal={The American journal of psychiatry},
  volume={141},
  number={11},
  pages={1356--1364},
  year={1984}
}

@Manual{mmrmpackage,
    title = {mmrm: Mixed Models for Repeated Measures},
    author = {Daniel {Sabanes Bove} and Julia Dedic and Doug Kelkhoff and Kevin Kunzmann and Brian Matthew Lang and Liming Li and Ya Wang},
    year = {2022},
    note = {R package version 0.2.2},
    url = {https://openpharma.github.io/mmrm/},
  }